4318 5558
731 298 835 370 Korra
862 301 969 373 Heus.
1388 280 1393 290 ⁴
1550 309 1644 377 1097

172 557 284 620 ’9125.
335 560 461 619 Litterae
496 561 717 622 credentiarnm
749 563 887 625 lonensis
922 566 1001 639 regis
1034 565 1177 640 Magistro
1208 567 1315 642 David,
1352 568 1474 628 beraldo
1504 585 1575 638 suo,
1608 569 1643 627 ad
1686 469 1807 633 affin

38 655 240 730 lierandrum,
267 656 410 717 Poioniae
435 675 554 736 regem,
579 661 663 720 daie.
688 694 724 704 -
749 661 819 721 Sine
842 663 910 722 ioco
932 669 962 721 et
983 662 1041 723 die.

332 756 504 806 Aarsberctn.
522 757 562 807 irs
580 758 762 808 Gebsimesrcb
790 759 807 809 i.
825 759 848 811 4.

170 886 282 950 *9126.
331 887 507 948 instructio
531 890 669 950 lonenses
697 891 776 963 ragis
805 906 859 967 pro
882 891 997 951 Thoma
1019 891 1142 966 seland,
1177 892 1347 968 pertinendo
1376 911 1447 968 suo,
1480 896 1516 953 ad
1544 912 1644 969 regem
1688 902 1806 961 angusto.

38 985 206 1046 'aencorum
228 985 441 1062 [Ludovicum
467 985 576 1064 lilium]
599 988 709 1062 misso,
738 1005 773 1047 ex
796 1005 854 1063 qua
875 989 911 1047 ab
935 1006 970 1049 eo
993 996 1084 1066 petet,
1114 996 1146 1049 ut
1168 989 1205 1047 ob
1228 991 1366 1049 arrrilinm
1389 1009 1404 1050 a
1428 993 1645 1053 bubicensibue

38 1084 136 1144 taliis
162 1084 344 1145 civitatibus
370 1085 410 1144 de
436 1100 513 1144 ansa
536 1088 717 1162 nuncupatis
740 1086 845 1146 suecis
869 1086 1029 1146 rebellibus
1051 1089 1158 1160 iatum,
1191 1087 1360 1163 presidium
1384 1090 1485 1149 navaie
1507 1091 1543 1149 ad
1566 1107 1645 1150 mare

41 1185 167 1243 aiticnm
193 1186 226 1242 in
251 1185 417 1260 principio
443 1186 559 1242 estatis
582 1186 688 1245 iuturae
711 1186 816 1244 mittut.
840 1218 878 1229 -
902 1185 970 1244 Sine
994 1186 1061 1245 loco
1084 1194 1113 1245 et
1134 1186 1192 1244 die.

330 1282 505 1331 Asrsbsrstn.
525 1281 562 1332 irs
580 1281 768 1332 Gabaimssrcb.
787 1282 805 1331 i.
822 1283 846 1332 b.

165 1413 281 1477 *9127.
334 1415 508 1473 instructio
531 1413 669 1474 ioeasros
692 1415 773 1487 regis
795 1431 849 1491 pro
872 1415 986 1473 'iboma
1009 1414 1126 1490 seland,
1154 1416 1326 1492 partisando
1348 1433 1415 1491 suo,
1443 1418 1478 1476 sd
1500 1417 1644 1477 iacobum
1686 1421 1807 1482 ingesto.

38 1514 120 1588 itum,
146 1530 256 1588 regem
273 1513 462 1587 Scotorum,
487 1514 595 1586 misso,
620 1529 654 1571 es
678 1528 737 1586 qua
757 1513 828 1573 huic
852 1515 912 1586 regi
935 1515 1045 1587 gratias
1067 1520 1145 1588 aget,
1169 1514 1248 1588 quod
1272 1530 1371 1588 regem
1395 1531 1544 1575 armornm
1567 1517 1646 1590 regis

38 1629 202 1673 aencorum
240 1611 280 1671 ad
314 1611 429 1670 Daniae
465 1626 569 1683 regem
605 1609 760 1684 direxerit,
794 1612 879 1685 cique
913 1617 1007 1671 totum
1035 1613 1187 1684 negotium
1216 1611 1252 1670 de
1280 1613 1468 1672 matrimonio
1496 1615 1525 1670 in
1553 1630 1645 1687 regno

38 1715 145 1770 raneiee
170 1729 231 1789 pro
256 1711 325 1769 iilic
350 1709 441 1785 regis
465 1708 575 1767 Deniei
597 1707 806 1767 contrahendo
828 1711 1008 1783 committet3
1031 1712 1100 1768 item
1123 1710 1262 1769 auxilium
1286 1718 1390 1769 contra
1411 1710 1595 1771 Lubicenses
1618 1718 1648 1770 ct

37 1813 81 1871 ias
107 1813 255 1871 civitates
282 1809 322 1869 de
348 1824 433 1868 ansa
456 1815 649 1883 nuncupatae
672 1806 708 1864 ab
732 1823 767 1866 eo
790 1813 880 1883 petet.
902 1841 942 1850 -
965 1809 1033 1868 Sine
1056 1808 1123 1867 ioco
1146 1814 1176 1867 et
1197 1807 1254 1868 die.

331 1905 507 1956 Asrsbsrstn.
526 1905 564 1954 irs
582 1904 771 1954 Gebsimssrcb.
789 1905 807 1954 i.
824 1905 897 1957 b-s.
1345 1897 1348 1904 ’

161 2042 278 2107 ‘slus
329 2039 491 2101 Jouasses
514 2052 566 2096 rex
588 2036 625 2096 ad
643 2036 788 2096 iacobum
807 2035 910 2112 illium,
935 2037 1091 2097 Scotorum
1115 2054 1227 2112 regem,
1250 2038 1363 2111 scribit,
1387 2054 1420 2096 se
1444 2037 1555 2097 litteras
1577 2054 1643 2098 cre·
1687 2047 1806 2109 Augusto.

42 2144 160 2206 ntiaIes
199 2145 273 2218 ejus
311 2138 502 2200 successive
537 2142 599 2194 tum
630 2151 684 2211 per
712 2151 811 2208 regem
840 2151 988 2194 armorum
1018 2138 1096 2209 regis
1123 2135 1303 2195 Francorum
1331 2141 1392 2194 turn
1421 2153 1474 2212 per
1500 2135 1643 2196 'ibomam

38 2243 135 2319 land,
167 2237 401 2319 partisandum
430 2251 537 2308 suum,
566 2235 734 2310 accepisse,
763 2249 855 2308 seque
878 2233 947 2292 huic
969 2249 1115 2311 responsa
1137 2235 1164 2292 ei
1186 2233 1340 2293 reserenda
1362 2234 1492 2294 dedisse.
1514 2268 1553 2278 —
1576 2235 1644 2293 Sine

38 2361 70 2406 :0
96 2348 128 2404 et
153 2340 218 2400 die.

327 2413 563 2469 berchoratum
582 2412 773 2462 Gsbslmsarcb.
792 2412 809 2461 i.
826 2412 850 2465 6.

154 2553 274 2620 ¹9129.
324 2552 488 2612 donasses
511 2561 563 2604 rea
586 2545 622 2603 ad
636 2544 818 2604 budovicum
831 2544 937 2619 xitum,
961 2561 1062 2618 regem
1075 2545 1266 2620 Francorum,
1290 2546 1393 2607 scribit
1414 2565 1447 2606 se
1467 2547 1644 2608 abionizeie
1684 2556 1805 2616 augusto,

38 2677 70 2736 ge
97 2660 171 2734 ejus
197 2667 386 2725 armorum,
414 2663 470 2723 per
492 2643 639 2703 iacobum
664 2660 763 2718 regem
788 2645 944 2702 Scotorum
967 2643 1003 2702 ad
1027 2659 1058 2701 se
1081 2643 1205 2714 directo,
1228 2644 1339 2704 litteras
1362 2649 1427 2722 ejus
1449 2645 1645 2706 credentialee

38 2760 180 2836 cepisse,
209 2756 310 2828 eique
338 2749 379 2808 ad
407 2745 504 2806 relata
528 2746 594 2818 ejus
617 2757 764 2819 responsa
787 2743 850 2817 regi
872 2741 1026 2801 referenda
1048 2741 1177 2801 dedisse.
1200 2774 1238 2786 -
1262 2741 1331 2802 Sine
1353 2743 1420 2803 ioco
1443 2751 1472 2804 et
1493 2744 1550 2804 die.

326 2845 504 2897 Asrsbsrstn.
524 2842 562 2890 irs
580 2839 770 2890 Gsbsimsarcb.
788 2840 806 2888 Ι.
825 2839 847 2891 i.

152 2986 274 3050 *913st
327 2981 506 3055 Responsa
533 2974 674 3034 ienensis
708 2974 786 3046 regis
820 2973 880 3045 regi
908 2987 1058 3032 armorum
1086 2972 1166 3044 regis
1192 2971 1323 3031 Francis
1353 2973 1435 3049 data,
1469 2991 1502 3033 ex
1536 2974 1643 3048 quibus
1686 2987 1807 3046 angusto.

38 3095 54 3164 :i
82 3093 266 3152 Scotorum
295 3081 422 3140 celeret
445 3075 483 3134 de
508 3072 691 3133 confidentia
714 3073 793 3144 regis
817 3071 967 3129 Dunornm
991 3071 1021 3129 in
1044 3088 1127 3146 eum,
1161 3075 1190 3130 et
1217 3073 1278 3144 regi
1302 3071 1480 3131 Francorum
1510 3072 1545 3130 da
1568 3089 1643 3132 con-

38 3195 75 3252 io
100 3187 284 3268 proposito
312 3186 347 3239 et
373 3177 413 3235 de
439 3173 552 3233 auxilio
576 3171 638 3244 regi
662 3170 775 3229 Danico
798 3168 953 3228 mittendo.
977 3201 1013 3211 -
1039 3169 1107 3228 Sine
1130 3169 1197 3228 ioco
1221 3175 1249 3228 ct
1271 3169 1328 3228 die.

327 3274 504 3327 Aarsbsrstn.
525 3270 563 3318 irs
582 3267 772 3317 Gsbslmeercb.
790 3268 808 3316 l.
827 3267 848 3318 i.

147 3399 272 3466 *9131.
325 3395 488 3454 insessas
513 3402 564 3444 rex
588 3384 728 3458 declarat,
758 3400 789 3442 se
812 3383 934 3442 'ihomas
958 3381 1094 3457 Seeland,
1120 3382 1291 3458 partisando
1315 3399 1380 3457 suo,
1409 3384 1525 3460 plenam
1549 3385 1642 3444 iacui·
1686 3398 1805 3456 anguem.

38 3527 78 3569 em
106 3499 351 3566 concessisse,
380 3496 416 3550 ut
440 3485 618 3563 capitaneos
642 3497 839 3556 quoscunque
862 3488 892 3539 et
913 3480 1122 3556 stipendiarios
1145 3481 1258 3539 navalia
1279 3482 1356 3540 belia
1378 3498 1516 3541 exercere
1539 3483 1644 3541 soiitos

38 3609 160 3679 lducnt,
188 3607 227 3662 ut
253 3587 289 3655 i'n
319 3591 406 3652 mari
433 3586 548 3644 linitico
574 3582 685 3639 Succos
709 3580 835 3640 rebelles
860 3587 888 3638 et
910 3586 1091 3638 mercatores
1114 3580 1238 3638 civitatis
1262 3579 1438 3638 lubicensis
1461 3581 1642 3654 aliarumque

40 3716 146 3770 tatum
174 3693 464 3762 iianseaticarum
490 3681 638 3758 spolient,
674 3679 793 3737 licentia
820 3678 887 3736 data
915 3683 1001 3754 capta
1026 3677 1105 3737 bona
1133 3684 1162 3736 at
1184 3695 1300 3737 merces
1323 3681 1352 3736 in
1376 3695 1448 3738 suos
1471 3695 1545 3737 usus
1568 3694 1641 3737 con·

38 3806 137 3872 tendi.
167 3833 215 3848 -
245 3797 330 3857 Sine
358 3790 436 3847 ioco
460 3789 491 3841 et
514 3780 573 3838 die.

324 3885 502 3940 Asrsbsrstn.
521 3875 766 3928 tremebundam.
787 3876 804 3925 i.
822 3874 895 3927 'i-8.

138 4013 264 4084 *9132
323 4006 423 4074 iiong
453 3998 534 4057 Heus
563 3993 702 4052 erliarer
729 3991 844 4051 indere
873 3990 954 4049 Bilde
983 3990 1084 4063 sagios
1114 4006 1152 4062 og
1180 3990 1214 4047 iri
1244 3989 1289 4047 ior
1317 3990 1372 4048 don
1403 3991 1434 4048 ni
1458 3989 1525 4048 Otte
1554 3989 1640 4048 Rudis
1676 4003 1814 4066 asemas,

38 4129 57 4189 a
84 4127 166 4186 ham
195 4109 384 4175 iremiorte
409 4094 629 4170 ilesiyidning,
652 4097 681 4148 at
704 4092 773 4167 ban,
796 4091 833 4148 da
854 4083 958 4164 begge'
972 4104 1039 4148 vare
1063 4087 1175 4145 aendte·
1190 4087 1256 4145 med
1281 4088 1365 4147 i‘rins
1386 4088 1549 4148 elicientem
1573 4087 1641 4145 mod

38 4229 183 4297 rsborg,
227 4213 309 4273 ikke
345 4196 463 4261 skulds
493 4195 566 4252 bave
595 4190 696 4249 -botdt
723 4192 769 4262 sig
792 4189 920 4262 tiibnrlig
944 4185 1023 4246 imod
1047 4187 1115 4244 Ottc
1138 4185 1258 4262 liudis«,
1291 4187 1401 4245 bviiiei
1424 4186 1537 4245 indere
1560 4183 1641 4242 tilido

44 4337 77 4390 pe
104 4323 166 4399 gila
193 4317 289 4374 hans
319 4301 403 4364 AEre
428 4296 476 4354 ior
499 4307 571 4351 naar.
596 4321 636 4333 —
658 4287 854 4360 &morbosos
875 4286 946 4360 Siot,
971 4286 1000 4342 S.
1025 4283 1154 4344 Marcelli
1176 4284 1251 4357 Deg.

322 4397 410 4449 vadet
431 4393 580 4445 Simonem,
599 4385 916 4445 inmitis-Ebsrretntnger
935 4396 977 4432 om
995 4381 1025 4430 ds
1042 4379 1138 4430 dansie
1156 4381 1240 4431 Rndsr
1256 4382 1273 4432 l.
1292 4381 1413 4435 lsi-ss.

134 4528 265 4600 *9133
323 4519 522 4576 Oansssero
552 4520 590 4576 og
614 4501 821 4586 Srunsasooae
848 4501 856 4557 i
880 4500 1061 4558 Sssosaever
1089 4497 1215 4557 iYsrsn
1244 4498 1358 4574 titlade,
1392 4504 1421 4556 at
1448 4467 1638 4562 Guldsmade,
1673 4505 1695 4556 i.
1714 4507 1811 4569 sepiar.

38 4634 272 4708 lmesnidere‚
302 4619 552 4684 Pungcrnagere
576 4617 615 4675 og
633 4599 834 4672 Sraerdiegere
858 4613 923 4692 maa
946 4603 1070 4672 opteges
1093 4596 1216 4672 ibavet,
1241 4612 1279 4669 og
1301 4595 1392 4654 troiia
1411 4586 1639 4652 Restemmeiser

38 4730 245 4810 pfemmede
274 4707 538 4782 Haandveriere
561 4718 589 4760 o.
614 4699 689 4758 desi.
719 4729 757 4740 —
785 4697 869 4755 Tben
898 4693 1045 4765 mandaglr
1074 4694 1182 4764 nepsam
1210 4696 1272 4753 rore
1295 4710 1354 4752 wop
1376 4692 1450 4750 grue
1478 4685 1555 4758 dagh
1582 4699 1637 4741 na.

38 4849 101 4911 ἨΒ
128 4831 261 4899 Mario·
327 4889 441 4947 Densis
459 4883 605 4945 samtingen
623 4879 661 4928 lii.
678 4875 802 4930 ati-⁴5.

38 5049 131 5116 ’sesa
153 5039 234 5090 Μ·
257 5023 295 5078 ¹¹·
319 5018 386 5067 ⁸⁰¹¹
406 5005 426 5056 ¹'
1395 4980 1444 5035 138
